<?xml version = "1.0" encoding = "UTF-8"?><OAI-PMH xmlns="http://www.openarchives.org/OAI/2.0/" xmlns:xsi="http://www.w3.org/2001/XMLSchema-instance" xsi:schemaLocation="http://www.openarchives.org/OAI/2.0/ http://www.openarchives.org/OAI/2.0/OAI-PMH.xsd"><ListRecords><record><header><identifier>aleph-publish:005816430</identifier></header><metadata><record xmlns="http://www.ddb.de/professionell/mabxml/mabxml-1.xsd"><leader>00553vM2.01200024------h</leader><controlfield tag="LDR">00553vM2.01200024------h</controlfield><controlfield tag="FMT">MH</controlfield><datafield tag="001" ind1="-" ind2="1"><subfield code="a">HT011100346</subfield></datafield><datafield tag="002" ind1="a" ind2="1"><subfield code="a">19991014</subfield></datafield><datafield tag="003" ind1="-" ind2="1"><subfield code="a">20010201</subfield></datafield><controlfield tag="030">a|1uc||||||17</controlfield><datafield tag="036" ind1="a" ind2="1"><subfield code="a">GB</subfield></datafield><datafield tag="037" ind1="b" ind2="1"><subfield code="a">eng</subfield></datafield><controlfield tag="050">a|||||||||||||</controlfield><controlfield tag="051">s|||||||</controlfield><datafield tag="070" ind1="-" ind2="1"><subfield code="a">5</subfield></datafield><datafield tag="070" ind1="b" ind2="1"><subfield code="a">361</subfield></datafield><datafield tag="080" ind1="-" ind2="1"><subfield code="a">60</subfield></datafield><datafield tag="100" ind1="-" ind2="1"><subfield code="p">Shakespeare, William</subfield><subfield code="d">1564-1616</subfield><subfield code="9">(DE-588)118613723</subfield></datafield><datafield tag="101" ind1="-" ind2="1"><subfield code="p">Shashibiya</subfield><subfield code="d">1564-1616</subfield></datafield><datafield tag="101" ind1="-" ind2="1"><subfield code="p">Schakespear, William</subfield><subfield code="d">1564-1616</subfield></datafield><datafield tag="101" ind1="-" ind2="1"><subfield code="p">Schakespear</subfield><subfield code="d">1564-1616</subfield></datafield><datafield tag="101" ind1="-" ind2="1"><subfield code="p">Šaḳisper, Veilliyam</subfield><subfield code="d">1564-1616</subfield></datafield><datafield tag="101" ind1="-" ind2="1"><subfield code="p">Šaḳisper, Veilliyem</subfield><subfield code="d">1564-1616</subfield></datafield><datafield tag="101" ind1="-" ind2="1"><subfield code="p">Šaḳisper</subfield><subfield code="d">1564-1616</subfield></datafield><datafield tag="101" ind1="-" ind2="1"><subfield code="p">Šeḳisper</subfield><subfield code="d">1564-1616</subfield></datafield><datafield tag="101" ind1="-" ind2="1"><subfield code="p">Šekesper</subfield><subfield code="d">1564-1616</subfield></datafield><datafield tag="101" ind1="-" ind2="1"><subfield code="p">Šekesper, Wilyam</subfield><subfield code="d">1564-1616</subfield></datafield><datafield tag="101" ind1="-" ind2="1"><subfield code="p">Shakespeare, Guillermo</subfield><subfield code="d">1564-1616</subfield></datafield><datafield tag="101" ind1="-" ind2="1"><subfield code="p">Chekchapiyera, William</subfield><subfield code="d">1564-1616</subfield></datafield><datafield tag="101" ind1="-" ind2="1"><subfield code="p">Saixpēr, Uilliam</subfield><subfield code="d">1564-1616</subfield></datafield><datafield tag="101" ind1="-" ind2="1"><subfield code="p">Saixpēros</subfield><subfield code="d">1564-1616</subfield></datafield><datafield tag="101" ind1="-" ind2="1"><subfield code="p">Šakisbīr, Williyam</subfield><subfield code="d">1564-1616</subfield></datafield><datafield tag="101" ind1="-" ind2="1"><subfield code="p">S&apos;egsi-pe-yar, Wi-li-am</subfield><subfield code="d">1564-1616</subfield></datafield><datafield tag="101" ind1="-" ind2="1"><subfield code="p">Sekhspír</subfield><subfield code="d">1564-1616</subfield></datafield><datafield tag="101" ind1="-" ind2="1"><subfield code="p">Šekspir, Vilijam</subfield><subfield code="d">1564-1616</subfield></datafield><datafield tag="101" ind1="-" ind2="1"><subfield code="p">Šekspir, Vil&apos;jam</subfield><subfield code="d">1564-1616</subfield></datafield><datafield tag="101" ind1="-" ind2="1"><subfield code="p">Šekspir, V.</subfield><subfield code="d">1564-1616</subfield></datafield><datafield tag="101" ind1="-" ind2="1"><subfield code="p">Šekspir, Wiliam</subfield><subfield code="d">1564-1616</subfield></datafield><datafield tag="101" ind1="-" ind2="1"><subfield code="p">Šekspir, William</subfield><subfield code="d">1564-1616</subfield></datafield><datafield tag="101" ind1="-" ind2="1"><subfield code="p">Šekspiras, Viljamas</subfield><subfield code="d">1564-1616</subfield></datafield><datafield tag="101" ind1="-" ind2="1"><subfield code="p">Šek&apos;spiri, Uiliam</subfield><subfield code="d">1564-1616</subfield></datafield><datafield tag="101" ind1="-" ind2="1"><subfield code="p">Šekspīrs, Viljams</subfield><subfield code="d">1564-1616</subfield></datafield><datafield tag="101" ind1="-" ind2="1"><subfield code="p">Šekspyras, V.</subfield><subfield code="d">1564-1616</subfield></datafield><datafield tag="101" ind1="-" ind2="1"><subfield code="p">Shakespear, W.</subfield><subfield code="d">1564-1616</subfield></datafield><datafield tag="101" ind1="-" ind2="1"><subfield code="p">Shakespear, William</subfield><subfield code="d">1564-1616</subfield></datafield><datafield tag="101" ind1="-" ind2="1"><subfield code="p">Shake-Spear, William</subfield><subfield code="d">1564-1616</subfield></datafield><datafield tag="101" ind1="-" ind2="1"><subfield code="p">Shakespeare</subfield><subfield code="d">1564-1616</subfield></datafield><datafield tag="101" ind1="-" ind2="1"><subfield code="p">Shakespeare, Gwilherm</subfield><subfield code="d">1564-1616</subfield></datafield><datafield tag="101" ind1="-" ind2="1"><subfield code="p">Shakespeare, W.</subfield><subfield code="d">1564-1616</subfield></datafield><datafield tag="101" ind1="-" ind2="1"><subfield code="p">Shakespeare, Wilhelm</subfield><subfield code="d">1564-1616</subfield></datafield><datafield tag="101" ind1="-" ind2="1"><subfield code="p">Shakespeare, Willhelm</subfield><subfield code="d">1564-1616</subfield></datafield><datafield tag="101" ind1="-" ind2="1"><subfield code="p">Shakespearowy, W.</subfield><subfield code="d">1564-1616</subfield></datafield><datafield tag="101" ind1="-" ind2="1"><subfield code="p">Shake-Speare, William</subfield><subfield code="d">1564-1616</subfield></datafield><datafield tag="101" ind1="-" ind2="1"><subfield code="p">Shakspear</subfield><subfield code="d">1564-1616</subfield></datafield><datafield tag="101" ind1="-" ind2="1"><subfield code="p">Shakspeare</subfield><subfield code="d">1564-1616</subfield></datafield><datafield tag="101" ind1="-" ind2="1"><subfield code="p">Shakspeare, Guglielmo</subfield><subfield code="d">1564-1616</subfield></datafield><datafield tag="101" ind1="-" ind2="1"><subfield code="p">Shakspeare, Guillaume</subfield><subfield code="d">1564-1616</subfield></datafield><datafield tag="101" ind1="-" ind2="1"><subfield code="p">Shakspeare, William</subfield><subfield code="d">1564-1616</subfield></datafield><datafield tag="101" ind1="-" ind2="1"><subfield code="p">Shak-Speare, William</subfield><subfield code="d">1564-1616</subfield></datafield><datafield tag="101" ind1="-" ind2="1"><subfield code="p">Shashibiya, William</subfield><subfield code="d">1564-1616</subfield></datafield><datafield tag="101" ind1="-" ind2="1"><subfield code="p">Sheikusupia, Uiriamu</subfield><subfield code="d">1564-1616</subfield></datafield><datafield tag="101" ind1="-" ind2="1"><subfield code="p">Sheḳspir, Ṿiliam</subfield><subfield code="d">1564-1616</subfield></datafield><datafield tag="101" ind1="-" ind2="1"><subfield code="p">Šhekspir, Viliam</subfield><subfield code="d">1564-1616</subfield></datafield><datafield tag="101" ind1="-" ind2="1"><subfield code="p">Shex&apos;pir, Wil&apos;yam</subfield><subfield code="d">1564-1616</subfield></datafield><datafield tag="101" ind1="-" ind2="1"><subfield code="p">Shig-si-phi-ya</subfield><subfield code="d">1564-1616</subfield></datafield><datafield tag="101" ind1="-" ind2="1"><subfield code="p">Šiksbīr, Wīlīam</subfield><subfield code="d">1564-1616</subfield></datafield><datafield tag="101" ind1="-" ind2="1"><subfield code="p">Šiksbīr, Willyam</subfield><subfield code="d">1564-1616</subfield></datafield><datafield tag="101" ind1="-" ind2="1"><subfield code="p">Šikspīr, Wīlīam</subfield><subfield code="d">1564-1616</subfield></datafield><datafield tag="101" ind1="-" ind2="1"><subfield code="p">Szekspir, Wiliam</subfield><subfield code="d">1564-1616</subfield></datafield><datafield tag="101" ind1="-" ind2="1"><subfield code="p">Szekspir, William</subfield><subfield code="d">1564-1616</subfield></datafield><datafield tag="101" ind1="-" ind2="1"><subfield code="p">Sheḳspir, Ṿiliyam</subfield><subfield code="d">1564-1616</subfield></datafield><datafield tag="101" ind1="-" ind2="1"><subfield code="p">Schakespeare, William</subfield><subfield code="d">1564-1616</subfield></datafield><datafield tag="101" ind1="-" ind2="1"><subfield code="p">Šaksbīr, Wiliyam</subfield><subfield code="d">1564-1616</subfield></datafield><datafield tag="101" ind1="-" ind2="1"><subfield code="p">Shashibiya</subfield><subfield code="d">1564-1616</subfield></datafield><datafield tag="101" ind1="-" ind2="1"><subfield code="p">Shakspere</subfield><subfield code="d">1564-1616</subfield></datafield><datafield tag="101" ind1="-" ind2="1"><subfield code="p">Šekspir, Uil&apos;jam</subfield><subfield code="d">1564-1616</subfield></datafield><datafield tag="101" ind1="-" ind2="1"><subfield code="p">Shakespear</subfield><subfield code="d">1564-1616</subfield></datafield><datafield tag="101" ind1="-" ind2="1"><subfield code="p">Saixpēr</subfield><subfield code="d">1564-1616</subfield></datafield><datafield tag="101" ind1="-" ind2="1"><subfield code="p">Sakespeiros</subfield><subfield code="d">1564-1616</subfield></datafield><datafield tag="101" ind1="-" ind2="1"><subfield code="p">Shakesperae, William</subfield><subfield code="d">1564-1616</subfield></datafield><datafield tag="101" ind1="-" ind2="1"><subfield code="p">Shackespear</subfield><subfield code="d">1564-1616</subfield></datafield><datafield tag="101" ind1="-" ind2="1"><subfield code="p">S., W.</subfield><subfield code="d">1564-1616</subfield></datafield><datafield tag="101" ind1="-" ind2="1"><subfield code="p">Shakespeare, Guglielmo</subfield><subfield code="d">1564-1616</subfield></datafield><datafield tag="101" ind1="-" ind2="1"><subfield code="p">S̆ekspir, Vilʹjam</subfield><subfield code="d">1564-1616</subfield></datafield><datafield tag="101" ind1="-" ind2="1"><subfield code="p">S̆ekspir, Viljem</subfield><subfield code="d">1564-1616</subfield></datafield><datafield tag="101" ind1="-" ind2="1"><subfield code="p">S̆ekspyras, Viljamas</subfield><subfield code="d">1564-1616</subfield></datafield><datafield tag="101" ind1="-" ind2="1"><subfield code="p">S̆ekhspiri, Wiliam</subfield><subfield code="d">1564-1616</subfield></datafield><datafield tag="101" ind1="-" ind2="1"><subfield code="p">Chakespear, William</subfield><subfield code="d">1564-1616</subfield></datafield><datafield tag="101" ind1="-" ind2="1"><subfield code="p">Sakespear, William</subfield><subfield code="d">1564-1616</subfield></datafield><datafield tag="101" ind1="-" ind2="1"><subfield code="p">Shakspeare, Wilhelm</subfield><subfield code="d">1564-1616</subfield></datafield><datafield tag="101" ind1="-" ind2="1"><subfield code="p">Šekspir</subfield><subfield code="d">1564-1616</subfield></datafield><datafield tag="101" ind1="-" ind2="1"><subfield code="p">Shak-speare, William</subfield><subfield code="d">1564-1616</subfield></datafield><datafield tag="101" ind1="-" ind2="1"><subfield code="p">Šekspir, Vilém</subfield><subfield code="d">1564-1616</subfield></datafield><datafield tag="101" ind1="-" ind2="1"><subfield code="p">Šekspire</subfield><subfield code="d">1564-1616</subfield></datafield><datafield tag="101" ind1="-" ind2="1"><subfield code="p">Shaksper, William</subfield><subfield code="d">1564-1616</subfield></datafield><datafield tag="101" ind1="-" ind2="1"><subfield code="p">Szekspir, Wiljam</subfield><subfield code="d">1564-1616</subfield></datafield><datafield tag="101" ind1="-" ind2="1"><subfield code="p">Saíxpēr, Uílliam</subfield><subfield code="d">1564-1616</subfield></datafield><datafield tag="101" ind1="-" ind2="1"><subfield code="p">Sakespeĩros, Uíïlliam</subfield><subfield code="d">1564-1616</subfield></datafield><datafield tag="101" ind1="-" ind2="1"><subfield code="p">Schekspirs, Wiljams</subfield><subfield code="d">1564-1616</subfield></datafield><datafield tag="101" ind1="-" ind2="1"><subfield code="p">Sekspiri, Viliam</subfield><subfield code="d">1564-1616</subfield></datafield><datafield tag="101" ind1="-" ind2="1"><subfield code="p">Shekspir, Uiliem</subfield><subfield code="d">1564-1616</subfield></datafield><datafield tag="101" ind1="-" ind2="1"><subfield code="p">Sekspir, Vilijam</subfield><subfield code="d">1564-1616</subfield></datafield><datafield tag="101" ind1="-" ind2="1"><subfield code="p">Bacon-Shakespeare, Francis</subfield><subfield code="d">1564-1616</subfield></datafield><datafield tag="101" ind1="-" ind2="1"><subfield code="p">Pseudo-Shakespeare</subfield><subfield code="d">1564-1616</subfield></datafield><datafield tag="101" ind1="-" ind2="1"><subfield code="p">Šekspir, U.</subfield><subfield code="d">1564-1616</subfield></datafield><datafield tag="101" ind1="-" ind2="1"><subfield code="p">Shaekespeare, William</subfield><subfield code="d">1564-1616</subfield></datafield><datafield tag="101" ind1="-" ind2="1"><subfield code="p">Shakespear, Wilhelm</subfield><subfield code="d">1564-1616</subfield></datafield><datafield tag="101" ind1="-" ind2="1"><subfield code="p">Shakespear, Willhelm</subfield><subfield code="d">1564-1616</subfield></datafield><datafield tag="101" ind1="-" ind2="1"><subfield code="p">Shakespere, William</subfield><subfield code="d">1564-1616</subfield></datafield><datafield tag="101" ind1="-" ind2="1"><subfield code="p">Shakspear, William</subfield><subfield code="d">1564-1616</subfield></datafield><datafield tag="101" ind1="-" ind2="1"><subfield code="p">Shakspere, William</subfield><subfield code="d">1564-1616</subfield></datafield><datafield tag="101" ind1="-" ind2="1"><subfield code="p">Šekspyras</subfield><subfield code="d">1564-1616</subfield></datafield><datafield tag="101" ind1="-" ind2="1"><subfield code="p">Šekspir, Uilʹjam</subfield><subfield code="d">1564-1616</subfield></datafield><datafield tag="101" ind1="-" ind2="1"><subfield code="p">Shakespere, Vilmos</subfield><subfield code="d">1564-1616</subfield></datafield><datafield tag="101" ind1="-" ind2="1"><subfield code="p">Šekspir, Uiljam</subfield><subfield code="d">1564-1616</subfield></datafield><datafield tag="101" ind1="-" ind2="1"><subfield code="p">Šekspir, Villiam</subfield><subfield code="d">1564-1616</subfield></datafield><datafield tag="101" ind1="-" ind2="1"><subfield code="U">Hans</subfield><subfield code="p">莎士比亚</subfield><subfield code="d">1564-1616</subfield></datafield><datafield tag="101" ind1="-" ind2="1"><subfield code="U">Arab</subfield><subfield code="p">شېكېسپېر, ۋىليام</subfield><subfield code="d">1564-1616</subfield></datafield><datafield tag="104" ind1="b" ind2="1"><subfield code="p">Humphreys, Arthur</subfield><subfield code="b">[Hrsg.]</subfield><subfield code="9">(DE-588)154363286</subfield></datafield><datafield tag="331" ind1="-" ind2="1"><subfield code="a">Julius Caesar</subfield></datafield><datafield tag="359" ind1="-" ind2="1"><subfield code="a">William Shakespeare. Ed. by Arthur Humphreys</subfield></datafield><datafield tag="403" ind1="-" ind2="1"><subfield code="a">Reiss.</subfield></datafield><datafield tag="410" ind1="-" ind2="1"><subfield code="a">Oxford [u.a.]</subfield></datafield><datafield tag="412" ind1="-" ind2="1"><subfield code="a">Oxford Univ. Press</subfield></datafield><datafield tag="425" ind1="a" ind2="1"><subfield code="a">1998</subfield></datafield><datafield tag="433" ind1="-" ind2="1"><subfield code="a">IX, 253 S. : Ill.</subfield></datafield><datafield tag="451" ind1="-" ind2="1"><subfield code="a">&lt;&lt;The&gt;&gt; Oxford Shakespeare ; &lt;julius&gt;</subfield></datafield><datafield tag="453" ind1="-" ind2="1"><subfield code="a">HT002295247</subfield></datafield><datafield tag="455" ind1="-" ind2="1"><subfield code="a">&lt;julius&gt;</subfield></datafield><datafield tag="456" ind1="-" ind2="1"><subfield code="a">julius</subfield></datafield><datafield tag="461" ind1="-" ind2="1"><subfield code="a">Oxford world&apos;s classics</subfield></datafield><datafield tag="540" ind1="a" ind2="1"><subfield code="a">0-19-812906-8</subfield></datafield><datafield tag="540" ind1="a" ind2="1"><subfield code="a">0-19-283606-4</subfield></datafield><controlfield tag="SYS">005816430</controlfield><datafield tag="LOW" ind1="-" ind2="1"><subfield code="a">Q0001</subfield></datafield><datafield tag="088" ind1=" " ind2=" "><subfield code="a">5</subfield><subfield code="b">00000010</subfield><subfield code="c">99/10608 (Jul)</subfield><subfield code="e">ILL Ausleihe</subfield></datafield></record></metadata></record></ListRecords></OAI-PMH>